% Encoding: UTF-8


@article {Bollerslev90,
    AUTHOR = {Bollerslev, Tim},
     TITLE = {Modelling the Coherence in Short-Run Nominal Exchange Rates: A Multivariate Generalized ARCH Model},
   JOURNAL = {Review of Economics and Statistics},
    VOLUME = {72},
      YEAR = {1990},
    PAGES = {498--505},
}


@article {MR2201019,
    AUTHOR = {Taskinen, Sara and Oja, Hannu and Randles, Ronald H.},
     TITLE = {Multivariate nonparametric tests of independence},
   JOURNAL = {J. Amer. Statist. Assoc.},
  FJOURNAL = {Journal of the American Statistical Association},
    VOLUME = {100},
      YEAR = {2005},
    NUMBER = {471},
     PAGES = {916--925},
      ISSN = {0162-1459},
     CODEN = {JSTNAL},
   MRCLASS = {62H15 (62G10 62G35)},
  MRNUMBER = {2201019},
       DOI = {10.1198/016214505000000097},
       URL = {http://dx.doi.org/10.1198/016214505000000097},
}


@article {MR1965367,
    AUTHOR = {Taskinen, Sara and Kankainen, Annaliisa and Oja, Hannu},
     TITLE = {Sign test of independence between two random vectors},
   JOURNAL = {Statist. Probab. Lett.},
  FJOURNAL = {Statistics \& Probability Letters},
    VOLUME = {62},
      YEAR = {2003},
    NUMBER = {1},
     PAGES = {9--21},
      ISSN = {0167-7152},
     CODEN = {SPLTDC},
   MRCLASS = {62H15},
  MRNUMBER = {1965367 (2004c:62134)},
MRREVIEWER = {Goetz Trenkler},
       DOI = {10.1016/S0167-7152(02)00399-1},
       URL = {http://dx.doi.org/10.1016/S0167-7152(02)00399-1},
}

@incollection {MR1977495,
    AUTHOR = {Taskinen, S. and Kankainen, A. and Oja, H.},
     TITLE = {Tests of independence based on sign and rank covariances},
 BOOKTITLE = {Developments in robust statistics ({V}orau, 2001)},
     PAGES = {387--403},
 PUBLISHER = {Physica, Heidelberg},
      YEAR = {2003},
   MRCLASS = {62H15 (62F03)},
  MRNUMBER = {1977495 (2004c:62133)},
MRREVIEWER = {Goetz Trenkler},
}


@article {MR3127866,
    AUTHOR = {Sejdinovic, Dino and Sriperumbudur, Bharath and Gretton,
              Arthur and Fukumizu, Kenji},
     TITLE = {Equivalence of distance-based and {RKHS}-based statistics in
              hypothesis testing},
   JOURNAL = {Ann. Statist.},
  FJOURNAL = {The Annals of Statistics},
    VOLUME = {41},
      YEAR = {2013},
    NUMBER = {5},
     PAGES = {2263--2291},
      ISSN = {0090-5364},
   MRCLASS = {62G10 (62H20 68T05)},
  MRNUMBER = {3127866},
       DOI = {10.1214/13-AOS1140},
       URL = {http://dx.doi.org/10.1214/13-AOS1140},
}

@book {MR2598854,
    AUTHOR = {Oja, Hannu},
     TITLE = {Multivariate nonparametric methods with {R}},
    SERIES = {Lecture Notes in Statistics},
    VOLUME = {199},
      NOTE = {An approach based on spatial signs and ranks},
 PUBLISHER = {Springer, New York},
      YEAR = {2010},
     PAGES = {xiv+232},
      ISBN = {978-1-4419-0467-6},
   MRCLASS = {62-02 (62G05 62G08 62G10 62G15 62G20 62H11 62H12)},
  MRNUMBER = {2598854 (2011g:62009)},
MRREVIEWER = {Elvan Ceyhan},
       DOI = {10.1007/978-1-4419-0468-3},
       URL = {http://dx.doi.org/10.1007/978-1-4419-0468-3},
}

@article {MR0039190,
    AUTHOR = {Blomqvist, Nils},
     TITLE = {On a measure of dependence between two random variables},
   JOURNAL = {Ann. Math. Statistics},
  FJOURNAL = {Annals of Mathematical Statistics},
    VOLUME = {21},
      YEAR = {1950},
     PAGES = {593--600},
      ISSN = {0003-4851},
   MRCLASS = {62.0X},
  MRNUMBER = {0039190 (12,510c)},
MRREVIEWER = {W. Hoeffding},
}

@book {MR0298844,
    AUTHOR = {Puri, Madan Lal and Sen, Pranab Kumar},
     TITLE = {Nonparametric methods in multivariate analysis},
 PUBLISHER = {John Wiley\thinspace \&\thinspace Sons, Inc., New
              York-London-Sydney},
      YEAR = {1971},
     PAGES = {xi+440},
   MRCLASS = {62G99},
  MRNUMBER = {0298844 (45 \#7893)},
MRREVIEWER = {D. R. Truax},
}

@article {MR2392434,
    AUTHOR = {Beran, R. and Bilodeau, M. and Lafaye de Micheaux, P.},
     TITLE = {Nonparametric tests of independence between random vectors},
   JOURNAL = {J. Multivariate Anal.},
  FJOURNAL = {Journal of Multivariate Analysis},
    VOLUME = {98},
      YEAR = {2007},
    NUMBER = {9},
     PAGES = {1805--1824},
      ISSN = {0047-259X},
   MRCLASS = {62H15 (60F05 62G09 62G10)},
  MRNUMBER = {2392434 (2009d:62079)},
MRREVIEWER = {Natalie Neumeyer},
       DOI = {10.1016/j.jmva.2007.01.009},
       URL = {http://dx.doi.org/10.1016/j.jmva.2007.01.009},
}

@article {MR2332273,
    AUTHOR = {Genest, Christian and Quessy, Jean-Fran{\c{c}}ois and
              Remillard, Bruno},
     TITLE = {Asymptotic local efficiency of {C}ram\'er-von {M}ises tests
              for multivariate independence},
   JOURNAL = {Ann. Statist.},
  FJOURNAL = {The Annals of Statistics},
    VOLUME = {35},
      YEAR = {2007},
    NUMBER = {1},
     PAGES = {166--191},
      ISSN = {0090-5364},
     CODEN = {ASTSC7},
   MRCLASS = {62H15 (62E20 62G30)},
  MRNUMBER = {2332273 (2008m:62107)},
MRREVIEWER = {Guy Martial Nkiet},
       DOI = {10.1214/009053606000000984},
       URL = {http://dx.doi.org/10.1214/009053606000000984},
}

@article {MR2208854,
    AUTHOR = {Genest, Christian and Quessy, Jean-Fran{\c{c}}ois and
              R{\'e}millard, Bruno},
     TITLE = {Local efficiency of a {C}ram\'er-von {M}ises test of
              independence},
   JOURNAL = {J. Multivariate Anal.},
  FJOURNAL = {Journal of Multivariate Analysis},
    VOLUME = {97},
      YEAR = {2006},
    NUMBER = {1},
     PAGES = {274--294},
      ISSN = {0047-259X},
   MRCLASS = {62H15 (62G10 62G20 62G30 62H10)},
  MRNUMBER = {2208854 (2007i:62080)},
MRREVIEWER = {Guy Martial Nkiet},
       DOI = {10.1016/j.jmva.2005.03.003},
       URL = {http://dx.doi.org/10.1016/j.jmva.2005.03.003},
}


@article {MR2154005,
    AUTHOR = {Genest, Christian and R{\'e}millard, Bruno},
     TITLE = {Tests of independence and randomness based on the empirical
              copula process},
   JOURNAL = {Test},
  FJOURNAL = {Test},
    VOLUME = {13},
      YEAR = {2004},
    NUMBER = {2},
     PAGES = {335--370},
      ISSN = {1133-0686},
   MRCLASS = {62E10 (60E05 62E20 62H05)},
  MRNUMBER = {2154005},
       DOI = {10.1007/BF02595777},
       URL = {http://dx.doi.org/10.1007/BF02595777},
}

@article {MR2752127,
    AUTHOR = {Sz{\'e}kely, G{\'a}bor J. and Rizzo, Maria L.},
     TITLE = {Brownian distance covariance},
   JOURNAL = {Ann. Appl. Stat.},
  FJOURNAL = {The Annals of Applied Statistics},
    VOLUME = {3},
      YEAR = {2009},
    NUMBER = {4},
     PAGES = {1236--1265},
      ISSN = {1932-6157},
   MRCLASS = {Database Expansion Item},
  MRNUMBER = {2752127},
       DOI = {10.1214/09-AOAS312},
       URL = {http://dx.doi.org/10.1214/09-AOAS312},
}

@unpublished {hua14,
    AUTHOR = {Hua, Wen-Yu  and  Reiss, Philip and  Ghosh, Debashis },
     TITLE = {Optimal Kernel Combination for Test of Independence against Local Alternatives},
      YEAR = {2014},
       NOTE = {arXiv:1409.3636v1},
}


@article {MR0125690,
    AUTHOR = {Blum, J. R. and Kiefer, J. and Rosenblatt, M.},
     TITLE = {Distribution free tests of independence based on the sample
              distribution function},
   JOURNAL = {Ann. Math. Statist.},
  FJOURNAL = {Annals of Mathematical Statistics},
    VOLUME = {32},
      YEAR = {1961},
     PAGES = {485--498},
      ISSN = {0003-4851},
   MRCLASS = {62.70},
  MRNUMBER = {0125690 (23 \#A2989)},
MRREVIEWER = {D. A. Darling},
}

@unpublished {Josse14,
 AUTHOR = {Josse, J. and Holmes, S.},
TITLE={Measures of dependence between random vectors and tests of independence. Literature review},
       NOTE = {arXiv:1307.7383v3},
YEAR={2014},
}

@unpublished {reshef15,
 AUTHOR = {Yakir A. Reshef and David N. Reshef and Pardis C. Sabeti and  Michael Mitzenmacher},
TITLE={Theoretical Foundations of Equitability and the Maximal Information Coefficient},
       NOTE = {arXiv:1408.4908},
YEAR={2015},
}

@unpublished {ding14,
 AUTHOR = {Ding, A. Adam and Li, Yi},
TITLE={Copula Correlation : An Equitable Dependence Measure and Extension of Pearson's Correlation},
       NOTE = {arXiv:1312.7214v3},
YEAR={2014},
}




@book {MR1653203,
    AUTHOR = {Nelsen, Roger B.},
     TITLE = {An introduction to copulas},
    SERIES = {Lecture Notes in Statistics},
    VOLUME = {139},
 PUBLISHER = {Springer-Verlag, New York},
      YEAR = {1999},
     PAGES = {xii+216},
      ISBN = {0-387-98623-5},
   MRCLASS = {60E05 (60E15 62H05)},
  MRNUMBER = {1653203 (99i:60028)},
MRREVIEWER = {Moshe Shaked},
       DOI = {10.1007/978-1-4757-3076-0},
       URL = {http://dx.doi.org/10.1007/978-1-4757-3076-0},
}

@article {MR0029139,
    AUTHOR = {Hoeffding, Wassily},
     TITLE = {A non-parametric test of independence},
   JOURNAL = {Ann. Math. Statistics},
  FJOURNAL = {Annals of Mathematical Statistics},
    VOLUME = {19},
      YEAR = {1948},
     PAGES = {546--557},
      ISSN = {0003-4851},
   MRCLASS = {62.0X},
  MRNUMBER = {0029139 (10,554d)},
MRREVIEWER = {M. Lo{\`e}ve},
}

@article {desiqu13,
    AUTHOR = {Siqueira Santos, Suzana de and Takahashi, Daniel Yasumasa and Nakata, Asuka and Fujita, Andr√©},
     TITLE = {A comparative study of statistical methods used to identify dependencies between gene expression signals},
   JOURNAL = {Briefings in bioinformatics},
 VOLUME = {15},
NUMBER={6},
      YEAR = {2013},
     PAGES = {906-18},
      ISSN = {0003-4851},

}


@article {Klein2016,
    AUTHOR = {Klein, Nadja and Kneib, Thomas},
     TITLE = {Simultaneous inference in structured additive conditional copula regression models: a unifying Bayesian approach},
   JOURNAL = {Stat Comput},
  FJOURNAL = {Statistics and Computing},
    VOLUME = {26},
      YEAR = {2016},
    NUMBER = {4},
     PAGES = {841--860},
}

@article {Kendala01,
    AUTHOR = {Kandala, N.B. and Lang, Stefan and Klasen, Stephan and Fahrmeir, Ludwig},
     TITLE = {Semiparametric Analysis of the Socio-Demographic and Spatial Determinants of Undernutrition in Two African Countries},
   JOURNAL = {Research in Official Statistics},
    VOLUME = {1},
      YEAR = {2001},
     PAGES = {81-100},
}

@article {MR2298886,
    AUTHOR = {Bakirov, Nail K. and Rizzo, Maria L. and Sz{\'e}kely,
              G{\'a}bor J.},
     TITLE = {A multivariate nonparametric test of independence},
   JOURNAL = {J. Multivariate Anal.},
  FJOURNAL = {Journal of Multivariate Analysis},
    VOLUME = {97},
      YEAR = {2006},
    NUMBER = {8},
     PAGES = {1742--1756},
      ISSN = {0047-259X},
   MRCLASS = {62G10 (62H20)},
  MRNUMBER = {2298886 (2008g:62116)},
MRREVIEWER = {Reza Modarres},
       DOI = {10.1016/j.jmva.2005.10.005},
       URL = {http://dx.doi.org/10.1016/j.jmva.2005.10.005},
}

@article {MR612295,
    AUTHOR = {Deheuvels, Paul},
     TITLE = {An asymptotic decomposition for multivariate distribution-free
              tests of independence},
   JOURNAL = {J. Multivariate Anal.},
  FJOURNAL = {Journal of Multivariate Analysis},
    VOLUME = {11},
      YEAR = {1981},
    NUMBER = {1},
     PAGES = {102--113},
      ISSN = {0047-259X},
     CODEN = {JMVAAI},
   MRCLASS = {62G10},
  MRNUMBER = {612295 (82g:62067)},
MRREVIEWER = {Rashid Ahmad},
       DOI = {10.1016/0047-259X(81)90136-6},
       URL = {http://dx.doi.org/10.1016/0047-259X(81)90136-6},
}

@article {MR2508377,
    AUTHOR = {Kojadinovic, Ivan and Holmes, Mark},
     TITLE = {Tests of independence among continuous random vectors based on
              {C}ram\'er-von {M}ises functionals of the empirical copula
              process},
   JOURNAL = {J. Multivariate Anal.},
  FJOURNAL = {Journal of Multivariate Analysis},
    VOLUME = {100},
      YEAR = {2009},
    NUMBER = {6},
     PAGES = {1137--1154},
      ISSN = {0047-259X},
   MRCLASS = {62H15 (62G10 62G20)},
  MRNUMBER = {2508377 (2010i:62155)},
       DOI = {10.1016/j.jmva.2008.10.013},
       URL = {http://dx.doi.org/10.1016/j.jmva.2008.10.013},
}

@article {MR0125600,
    AUTHOR = {Sklar, M.},
     TITLE = {Fonctions de r\'epartition \`a {$n$} dimensions et leurs
              marges},
   JOURNAL = {Publ. Inst. Statist. Univ. Paris},
    VOLUME = {8},
      YEAR = {1959},
     PAGES = {229--231},
   MRCLASS = {60.20},
  MRNUMBER = {0125600 (23 \#A2899)},
MRREVIEWER = {M. Lo{\`e}ve},
}

@article {MR2382665,
    AUTHOR = {Sz{\'e}kely, G{\'a}bor J. and Rizzo, Maria L. and Bakirov,
              Nail K.},
     TITLE = {Measuring and testing dependence by correlation of distances},
   JOURNAL = {Ann. Statist.},
  FJOURNAL = {The Annals of Statistics},
    VOLUME = {35},
      YEAR = {2007},
    NUMBER = {6},
     PAGES = {2769--2794},
      ISSN = {0090-5364},
     CODEN = {ASTSC7},
   MRCLASS = {62G10 (62H20)},
  MRNUMBER = {2382665 (2009a:62206)},
       DOI = {10.1214/009053607000000505},
       URL = {http://dx.doi.org/10.1214/009053607000000505},
}

@incollection{Rem14,
year={2014},
isbn={978-3-642-04897-5},
booktitle={International Encyclopedia of Statistical Science},
editor={Lovric, Miodrag},
doi={10.1007/978-3-642-04898-2_592},
title={Tests of Independence},
url={http://dx.doi.org/10.1007/978-3-642-04898-2_592},
publisher={Springer Berlin Heidelberg},
author={R\'emillard, Bruno},
pages={1598-1601},
language={English}
}

@article {MR2752133,
    AUTHOR = {R{\'e}millard, Bruno},
     TITLE = {Discussion of: {B}rownian distance covariance},
   JOURNAL = {Ann. Appl. Stat.},
  FJOURNAL = {The Annals of Applied Statistics},
    VOLUME = {3},
      YEAR = {2009},
    NUMBER = {4},
     PAGES = {1295--1298},
      ISSN = {1932-6157},
   MRCLASS = {Database Expansion Item},
  MRNUMBER = {2752133},
       DOI = {10.1214/09-AOAS312F},
       URL = {http://dx.doi.org/10.1214/09-AOAS312F},
}

@article {Kend38,
    AUTHOR = {Kendall, M. G.},
     TITLE = {A New Measure of Rank Correlation},
   JOURNAL = {Biometrika},
    VOLUME = {30},
      YEAR = {1938},
    NUMBER = {1/2},
     PAGES = {81--93},
}

@article {Spea87,
    AUTHOR = {Spearman, C.},
     TITLE = {The Proof and Measurement of Association Between Two Things},
   JOURNAL = {American Journal of Psychology},
    VOLUME = {15},
      YEAR = {1904},
     PAGES = {72--101},
}

@article {Wil35,
    AUTHOR = {Wilks, S.S.},
     TITLE = {On the Independence of $k$ Sets of Normally Distributed Statistical Variables},
   JOURNAL = {Econometrica},
    VOLUME = {3},
    NUMBER={3},
      YEAR = {1935},
     PAGES = {309--326},
}

@Manual{copula,
  title = {copula: Multivariate Dependence with Copulas},
  author = {Marius Hofert and Ivan Kojadinovic and Martin Maechler and Jun Yan},
  year = {2015},
  note = {R package version 0.999-13},
  url = {http://CRAN.R-project.org/package=copula},
}

@Article{Yan07,
  title = {Enjoy the Joy of Copulas: With a Package {copula}},
  author = {{Jun Yan}},
  journal = {Journal of Statistical Software},
  year = {2007},
  volume = {21},
  number = {4},
  pages = {1--21},
  url = {http://www.jstatsoft.org/v21/i04/},
}

@Article{KojYan10,
  title = {Modeling Multivariate Distributions with Continuous Margins Using the {copula} {R} Package},
  author = {{Ivan Kojadinovic} and {Jun Yan}},
  journal = {Journal of Statistical Software},
  year = {2010},
  volume = {34},
  number = {9},
  pages = {1--20},
  url = {http://www.jstatsoft.org/v34/i09/},
}

@Manual{Hmisc,
  title = {Hmisc},
  author = {Frank E Harrell},
  year = {2015},
  note = {R package version 3.15-0},
  url = {http://CRAN.R-project.org/package=Hmisc},
}

@Manual{energy,
  title = {energy: E-statistics (energy statistics)},
  author = {Maria L. Rizzo and Gabor J. Szekely},
  year = {2014},
  note = {R package version 1.6.2},
  url = {http://CRAN.R-project.org/package=energy},
}

@Manual{SpatialNP,
  title = {SpatialNP: Multivariate nonparametric methods based on spatial signs and
ranks},
  author = {Seija Sirkia and Jari Miettinen and Klaus Nordhausen and Hannu Oja and Sara Taskinen},
  year = {2013},
  note = {R package version 1.1-1},
  url = {http://CRAN.R-project.org/package=SpatialNP},
}

 @Manual{steadyICA,
    title = {steadyICA: ICA and Tests of Independence via Multivariate Distance
Covariance},
    author = {Benjamin B. Risk and Nicholas A. James and David S. Matteson},
    year = {2015},
    note = {R package version 1.0},
    url = {http://CRAN.R-project.org/package=steadyICA},
  }

@Manual{rmgarch,
    title = {rmgarch: Multivariate GARCH models.},
    author = {Alexios Ghalanos},
    year = {2015},
    note = {R package version 1.2-9.},
  }

@Manual{ccgarch,
    title = {Conditional Correlation GARCH models.},
    author = {Tomoaki Nakatani},
    year = {2010},
    note = {R package version 0.2.3},
  }


@article {MR0440801,
    AUTHOR = {Robert, P. and Escoufier, Y.},
     TITLE = {A unifying tool for linear multivariate statistical methods:
              the {$RV$}-coefficient},
   JOURNAL = {J. Roy. Statist. Soc. Ser. C Appl. Statist.},
  FJOURNAL = {Journal of the Royal Statistical Society. Series C. Applied
              Statistics},
    VOLUME = {25},
      YEAR = {1976},
    NUMBER = {3},
     PAGES = {257--265},
      ISSN = {0035-9254},
   MRCLASS = {62H25},
  MRNUMBER = {0440801},
}

@incollection{Diks09,
year={2009},
booktitle= {Encyclopedia of Complexity and Systems},
editor={Meyers, Robert A.},
title={Nonparametric Tests for Independence},
publisher={Springer New York},
author={Diks, Cees},
pages={6252-6271},
}



@article{Matteson2013,
author = {Matteson, David S. and Tsay, Ruey S.},
title = {Independent Component Analysis via Distance Covariance},
journal = {pre-print},
number={},
year = {2013},
note = {http://arxiv.org/abs/1306.4911},
}

@article{Pearson1920,
author = {Pearson, Karl},
title = {Notes on the history of correlation},
journal = {Biometrika},
number={13},
year = {1920},
number={25-45},
}


@book {MR1462613,
    AUTHOR = {Joe, Harry},
     TITLE = {Multivariate models and dependence concepts},
    SERIES = {Monographs on Statistics and Applied Probability},
    VOLUME = {73},
 PUBLISHER = {Chapman \& Hall, London},
      YEAR = {1997},
     PAGES = {xviii+399},
      ISBN = {0-412-07331-5},
   MRCLASS = {62E10 (60E05 60E15 62H05)},
  MRNUMBER = {1462613},
MRREVIEWER = {Moshe Shaked},
       DOI = {10.1201/b13150},
       URL = {http://dx.doi.org/10.1201/b13150},
}



@article{Manner12,
author = { Hans   Manner  and  Olga   Reznikova },
title = {A Survey on Time-Varying Copulas: Specification, Simulations, and Application},
journal = {Econometric Reviews},
volume = {31},
number = {6},
pages = {654-687},
year = {2012},
doi = {10.1080/07474938.2011.608042},
}

@Article{HerMax18,
  author  = {Herwartz, Helmut and Maxand, Simone},
  title   = {Nonparametric Tests for Independence - A Review and Comparative Simulation Study with an Application to Malnutrition Data in India},
  journal = {Statistical Papers},
  year    = {2018},
}

@Comment{jabref-meta: databaseType:bibtex;}
